%% This BibTeX bibliography file was created using BibDesk.
%% https://bibdesk.sourceforge.io/

%% Created for Fred Cheng at 2024-12-22 02:12:08 -0800 


%% Saved with string encoding Unicode (UTF-8) 



@book{Schilling_2017,
	author = {Schilling, Ren\'e{} L.},
	date-added = {2024-12-22 02:11:32 -0800},
	date-modified = {2024-12-22 02:12:08 -0800},
	edition = {2nd ed.},
	mrclass = {28-01 (28A12 28A20 28A25 28A78 60G42 60G46)},
	mrnumber = {3644418},
	publisher = {Cambridge University Press},
	title = {Measures, Integrals and Martingales},
	year = {2017}}

@book{Cohn_2013,
	author = {Cohn, Donald L.},
	date-added = {2024-12-22 02:09:58 -0800},
	date-modified = {2024-12-22 02:10:36 -0800},
	doi = {10.1007/978-1-4614-6956-8},
	edition = {2nd ed.},
	mrclass = {28-01},
	mrnumber = {3098996},
	publisher = {Birkh\"auser/Springer, New York},
	series = {Birkh\"auser Advanced Texts: Basler Lehrb\"ucher. [Birkh\"auser Advanced Texts: Basel Textbooks]},
	title = {Measure Theory},
	year = {2013},
	bdsk-url-1 = {https://doi.org/10.1007/978-1-4614-6956-8}}

@book{Herrlich_2006,
	author = {Herrlich, Horst},
	date-added = {2024-12-12 12:55:24 -0800},
	date-modified = {2024-12-12 13:04:28 -0800},
	mrclass = {03E25 (03-02)},
	mrnumber = {2243715},
	mrreviewer = {Paul\ E.\ Howard},
	publisher = {Springer Berlin Heidelberg},
	series = {Lecture Notes in Mathematics},
	title = {Axiom of Choice},
	volume = {1876},
	year = {2006}}

@book{Krantz_2022,
	author = {Krantz, Steven G.},
	date-added = {2024-11-30 22:13:03 -0800},
	date-modified = {2024-11-30 22:14:07 -0800},
	edition = {5th Ed.},
	mrclass = {00A05 (26-01)},
	mrnumber = {4783425},
	publisher = {CRC Press, Boca Raton, FL},
	series = {Textbooks in Mathematics},
	title = {Real Analysis and Foundations},
	year = {2022}}

@article{Saeki_1996,
	author = {Saeki, Sadahiro},
	date-added = {2024-11-24 13:43:03 -0800},
	date-modified = {2024-11-24 13:43:19 -0800},
	doi = {10.1080/00029890.1996.12004804},
	issn = {1930-0972},
	journal = {The American Mathematical Monthly},
	month = oct,
	number = {8},
	pages = {682--683},
	publisher = {Informa UK Limited},
	title = {A Proof of the Existence of Infinite Product Probability Measures},
	url = {http://dx.doi.org/10.1080/00029890.1996.12004804},
	volume = {103},
	year = {1996},
	bdsk-url-1 = {http://dx.doi.org/10.1080/00029890.1996.12004804}}

@book{Chung_2001,
	author = {Chung, Kai Lai},
	date-added = {2024-11-23 22:10:22 -0800},
	date-modified = {2024-11-23 22:11:47 -0800},
	edition = {3rd ed.},
	isbn = {0-12-174151-6},
	mrclass = {60-01},
	mrnumber = {1796326},
	pages = {xviii+419},
	publisher = {Academic Press},
	title = {A Course in Probability Theory},
	year = {2001}}

@book{Billingsley_1965,
	author = {Billingsley, Patrick},
	date-added = {2024-11-01 23:35:16 -0700},
	date-modified = {2024-11-02 01:52:01 -0700},
	mrclass = {28.70},
	mrnumber = {192027},
	mrreviewer = {D.\ A.\ Darling},
	publisher = {John Wiley \& Sons},
	title = {Ergodic Theory and Information},
	year = {1965}}

@book{Bogachev_2018,
	author = {Bogachev, Vladimir I.},
	date-added = {2024-11-01 23:33:44 -0700},
	date-modified = {2024-11-02 01:52:56 -0700},
	doi = {10.1090/surv/234},
	isbn = {978-1-4704-4738-0},
	mrclass = {60B10 (28A33 28C15 54A20 60B05 60B11 60B12 60F05)},
	mrnumber = {3837546},
	mrreviewer = {Paul\ Raynaud de Fitte},
	publisher = {American Mathematical Society},
	series = {Mathematical Surveys and Monographs},
	title = {Weak Convergence of Measures},
	url = {https://doi.org/10.1090/surv/234},
	volume = {234},
	year = {2018},
	bdsk-url-1 = {https://doi.org/10.1090/surv/234}}

@book{folland1999,
	author = {Folland, Gerald B.},
	date-added = {2024-06-15 11:31:20 +0800},
	date-modified = {2024-06-15 11:44:12 +0800},
	edition = {2nd ed.},
	isbn = {0-471-31716-0},
	keywords = {28-01,28A25,28A78,46-01,42-01,60-01},
	publisher = {John Wiley \& Sons},
	series = {Pure and Applied Mathematics. A Wiley-Interscience Series of Texts, Monographs and Tracts},
	title = {Real Analysis: Modern Techniques and Their Applications.},
	year = {1999},
	zbl = {0924.28001},
	zbmath = {1324223}}

@book{Ambrosio_2011,
	author = {Ambrosio, Luigi and Da Prato, Giuseppe and Mennucci, Andrea},
	date-added = {2024-08-29 18:48:51 +0800},
	date-modified = {2024-08-29 18:48:51 +0800},
	doi = {10.1007/978-88-7642-386-4},
	isbn = {9788876423864},
	publisher = {Edizioni della Normale},
	title = {Introduction to Measure Theory and Integration},
	url = {http://dx.doi.org/10.1007/978-88-7642-386-4},
	year = {2011},
	bdsk-url-1 = {http://dx.doi.org/10.1007/978-88-7642-386-4}}

@book{Durrett_2019,
	author = {Durrett, Rick},
	date-added = {2024-08-29 19:09:28 +0800},
	date-modified = {2024-08-29 19:09:28 +0800},
	doi = {10.1017/9781108591034},
	edition = {5th ed.},
	isbn = {9781108473682},
	publisher = {Cambridge University Press},
	title = {Probability: Theory and Examples},
	url = {http://dx.doi.org/10.1017/9781108591034},
	year = {2019},
	bdsk-url-1 = {http://dx.doi.org/10.1017/9781108591034}}

@book{Billingsley_1995,
	author = {Billingsley, Patrick},
	date-added = {2024-08-29 19:22:35 +0800},
	date-modified = {2024-11-02 01:49:31 -0700},
	edition = {3rd ed.},
	fseries = {Wiley Series in Probability and Statistics},
	isbn = {9780471007104},
	lccn = {gb95051456},
	publisher = {John Wiley \& Sons},
	title = {Probability and Measure},
	url = {https://books.google.com.hk/books?id=z39jQgAACAAJ},
	year = {1995},
	bdsk-url-1 = {https://books.google.com.hk/books?id=z39jQgAACAAJ}}

@book{Bogachev_2007,
	author = {Bogachev, Vladimir I.},
	date-added = {2024-08-29 19:32:38 +0800},
	date-modified = {2024-08-29 19:32:38 +0800},
	doi = {10.1007/978-3-540-34514-5},
	isbn = {9783540345145},
	publisher = {Springer Berlin Heidelberg},
	title = {Measure Theory},
	url = {http://dx.doi.org/10.1007/978-3-540-34514-5},
	year = {2007},
	bdsk-url-1 = {http://dx.doi.org/10.1007/978-3-540-34514-5}}

@book{Bogachev_2020,
	author = {Bogachev, Vladimir I. and Smolyanov, Oleg G.},
	date-added = {2024-08-29 20:45:53 +0800},
	date-modified = {2024-08-29 20:45:53 +0800},
	doi = {10.1007/978-3-030-38219-3},
	isbn = {9783030382193},
	issn = {2522-0322},
	journal = {Moscow Lectures},
	publisher = {Springer International Publishing},
	title = {Real and Functional Analysis},
	url = {http://dx.doi.org/10.1007/978-3-030-38219-3},
	year = {2020},
	bdsk-url-1 = {http://dx.doi.org/10.1007/978-3-030-38219-3}}

@book{Royden_2023,
	author = {Royden, Halsey and Fitzpatrick, Patrick M.},
	date-modified = {2024-11-02 02:04:11 -0700},
	edition = {5th ed.},
	isbn = {9780137906529},
	publisher = {Pearson},
	title = {Real Analysis},
	year = {2023}}

@book{Kallenberg_2002,
	author = {Kallenberg, Olav},
	date-added = {2024-09-06 19:32:21 +0800},
	date-modified = {2024-09-06 19:32:21 +0800},
	doi = {10.1007/978-1-4757-4015-8},
	edition = {2nd ed.},
	isbn = {9781475740158},
	issn = {1431-7028},
	journal = {Probability and Its Applications},
	publisher = {Springer New York},
	title = {Foundations of Modern Probability},
	url = {http://dx.doi.org/10.1007/978-1-4757-4015-8},
	year = {2002},
	bdsk-url-1 = {http://dx.doi.org/10.1007/978-1-4757-4015-8}}

@article{Falkner_2019,
	author = {Falkner, Neil},
	date-added = {2024-09-10 18:00:25 +0800},
	date-modified = {2024-09-10 18:00:25 +0800},
	doi = {10.1080/00029890.2019.1551008},
	issn = {1930-0972},
	journal = {The American Mathematical Monthly},
	month = mar,
	number = {3},
	pages = {264--268},
	publisher = {Informa UK Limited},
	title = {Hahn's Proof of the Hahn Decomposition Theorem, and Related Matters},
	url = {http://dx.doi.org/10.1080/00029890.2019.1551008},
	volume = {126},
	year = {2019},
	bdsk-url-1 = {http://dx.doi.org/10.1080/00029890.2019.1551008}}

@book{Rudin_realcomplex_1987,
	author = {Rudin, Walter},
	date-modified = {2024-11-02 01:51:51 -0700},
	edition = {3rd ed.},
	isbn = {0-07-054234-1},
	keywords = {00A05,26-01,30-01,46-01},
	publisher = {McGraw-Hill},
	title = {Real and Complex Analysis},
	year = {1987},
	zbl = {0925.00005},
	zbmath = {1022658}}

@book{Rudin_principles_1976,
	author = {Rudin, Walter},
	edition = {3rd ed.},
	keywords = {26-01},
	publisher = {McGraw-Hill},
	title = {Principles of Mathematical Analysis.},
	year = {1976},
	zbl = {0346.26002},
	zbmath = {3539473}}

@book{Axler_2020,
	author = {Axler, Sheldon},
	date-added = {2024-10-05 14:09:47 -0700},
	date-modified = {2024-10-05 14:09:47 -0700},
	doi = {10.1007/978-3-030-33143-6},
	isbn = {9783030331436},
	issn = {2197-5612},
	journal = {Graduate Texts in Mathematics},
	publisher = {Springer International Publishing},
	title = {Measure, Integration \& Real Analysis},
	url = {http://dx.doi.org/10.1007/978-3-030-33143-6},
	year = {2020},
	bdsk-url-1 = {http://dx.doi.org/10.1007/978-3-030-33143-6}}

@book{Parthasarathy_1967,
	author = {Parthasarathy, K. R.},
	date-modified = {2024-11-02 01:45:59 -0700},
	keywords = {60-02,01A75,60B05,60B10,60B11,60B15,28A33,28C15},
	publisher = {Academic Press},
	title = {Probability Measures on Metric Spaces},
	year = {1967},
	zbl = {0153.19101},
	zbmath = {3245885}}

@book{Billingsley_1999,
	author = {Billingsley, Patrick},
	date-modified = {2024-11-02 01:51:45 -0700},
	doi = {10.1002/9780470316962},
	edition = {2nd ed.},
	isbn = {0-471-19745-9},
	mrclass = {60B10 (28A33 60F17)},
	mrnumber = {1700749},
	publisher = {John Wiley \& Sons},
	series = {A Wiley-Interscience Publication},
	title = {Convergence of Probability Measures},
	url = {https://doi.org/10.1002/9780470316962},
	year = {1999},
	bdsk-url-1 = {https://doi.org/10.1002/9780470316962}}

@book{Grimmett_Stirzaker_2020,
	author = {Grimmett, Geoffrey R. and Stirzaker, David R.},
	date-modified = {2024-11-23 22:13:23 -0800},
	edition = {4th ed.},
	isbn = {978-0-19-884759-5; 978-0-19-884760-1},
	mrclass = {60-01},
	mrnumber = {4229142},
	pages = {xii+669},
	publisher = {Oxford University Press},
	title = {Probability and Random Processes},
	year = {2020}}

@book{Axler_2024,
	author = {Axler, Sheldon},
	date-added = {2024-06-15 10:56:09 +0800},
	date-modified = {2024-06-15 11:44:20 +0800},
	doi = {10.1007/978-3-031-41026-0},
	edition = {4th ed.},
	isbn = {9783031410260},
	issn = {2197-5604},
	journal = {Undergraduate Texts in Mathematics},
	publisher = {Springer},
	title = {Linear Algebra Done Right},
	url = {http://dx.doi.org/10.1007/978-3-031-41026-0},
	year = {2024},
	bdsk-url-1 = {http://dx.doi.org/10.1007/978-3-031-41026-0}}
